<?xml version="1.0" encoding="UTF-8"?><collection xmlns="http://www.loc.gov/MARC21/slim"><record><leader>00337nam--2200133-i-4500</leader><controlfield tag="001">000046278</controlfield><controlfield tag="002">20161230</controlfield><controlfield tag="005">20161230201045</controlfield><controlfield tag="008">060222s1000------------r-----000-0-eng-d</controlfield><datafield ind1=" " ind2=" " tag="080"><subfield code="a">621.313</subfield></datafield><datafield ind1=" " ind2=" " tag="100"><subfield code="a">Veinott,Cyril G</subfield></datafield><datafield ind1=" " ind2=" " tag="245"><subfield code="a">Fractional horsepower electric motors</subfield></datafield><datafield ind1=" " ind2=" " tag="260"><subfield code="a">New York, Mcgraw-hill, 1948. Xxix + 554 P</subfield></datafield><datafield ind1=" " ind2=" " tag="852"><subfield code="a">946</subfield></datafield></record></collection>